<?xml version="1.0" encoding="UTF-8"?><collection xmlns="http://www.loc.gov/MARC21/slim"><record><leader>00433nam--2200133-i-4500</leader><controlfield tag="001">000039332</controlfield><controlfield tag="002">20161230</controlfield><controlfield tag="005">20161230201042</controlfield><controlfield tag="008">060222s1000------------r-----000-0-eng-d</controlfield><datafield ind1=" " ind2=" " tag="100"><subfield code="a">Praill, P.F.G</subfield></datafield><datafield ind1=" " ind2=" " tag="245"><subfield code="a">Acylation reactions their applications and mechanisms</subfield></datafield><datafield ind1=" " ind2=" " tag="260"><subfield code="a">London, Pergamon Press, 1963, Viii + 162p</subfield></datafield><datafield ind1=" " ind2=" " tag="490"><subfield code="a">The Commenwealth And International Library Of Science, Technology... Chemistry Division</subfield></datafield><datafield ind1=" " ind2=" " tag="852"><subfield code="a">20070</subfield></datafield></record></collection>